
@article{Nistr2004VisualO,
  title={Visual odometry},
  author={David Nist{\'e}r and Oleg Naroditsky and James R. Bergen},
  journal={Proceedings of the 2004 IEEE Computer Society Conference on Computer Vision and Pattern Recognition, 2004. CVPR 2004.},
  year={2004},
  volume={1},
  pages={I-I}
}

@Book{Hartley2004, 
    author = "Hartley, R.~I. and Zisserman, A.",
    title = "Multiple View Geometry in Computer Vision",
    edition = "Second",
    year = "2004",
    publisher = "Cambridge University Press, ISBN: 0521540518"
}

@conference{Lucas-1981-15101,
author = {Bruce D. Lucas and Takeo Kanade},
title = {An Iterative Image Registration Technique with an Application to Stereo Vision (IJCAI)},
booktitle = {Proceedings of the 7th International Joint Conference on Artificial Intelligence (IJCAI '81)},
year = {1981},
month = {April},
pages = {674-679},
}

@ARTICLE{Lowe04distinctiveimage,
    author = {David G. Lowe},
    title = {Distinctive Image Features from Scale-Invariant Keypoints},
    journal = {International Journal of Computer Vision},
    year = {2004},
    volume = {60},
    pages = {91--110}
}

@misc{OpenCV_optical_flow,
 author = {OpenCV},
 title = {OpenCV Optical Flow document},
 note = {https://docs.opencv.org/3.1.0/d7/d8b/tutorial_py_lucas_kanade.html}
}

@Book{Gao2017SLAM, 
title={14 Lectures on Visual SLAM: From Theory to Practice}, publisher = {Publishing House of Electronics Industry}, 
year = {2017}, 
author = {Xiang Gao and Tao Zhang and Yi Liu and Qinrui Yan}
}


