
@article{Nistr2004VisualO,
  title={Visual odometry},
  author={David Nist{\'e}r and Oleg Naroditsky and James R. Bergen},
  journal={Proceedings of the 2004 IEEE Computer Society Conference on Computer Vision and Pattern Recognition, 2004. CVPR 2004.},
  year={2004},
  volume={1},
  pages={I-I}
}

@article{Nister:2004:ESF:987526.987623,
 author = {Nist{\'e}r, David},
 title = {An Efficient Solution to the Five-Point Relative Pose Problem},
 journal = {IEEE Trans. Pattern Anal. Mach. Intell.},
 issue_date = {June 2004},
 volume = {26},
 number = {6},
 month = jun,
 year = {2004},
 issn = {0162-8828},
 pages = {756--777},
 numpages = {22},
 url = {http://dx.doi.org/10.1109/TPAMI.2004.17},
 doi = {10.1109/TPAMI.2004.17},
 acmid = {987623},
 publisher = {IEEE Computer Society},
 address = {Washington, DC, USA},
 keywords = {Imaging geometry, Imaging geometry, motion, relative orientation, structure from motion, camera calibration, ego-motion estimation, scene reconstruction., camera calibration, ego-motion estimation, motion, relative orientation, scene reconstruction., structure from motion},
} 

@Book{Hartley2004, 
    author = "Hartley, R.~I. and Zisserman, A.",
    title = "Multiple View Geometry in Computer Vision",
    edition = "Second",
    year = "2004",
    publisher = "Cambridge University Press, ISBN: 0521540518"
}

@conference{Lucas-1981-15101,
author = {Bruce D. Lucas and Takeo Kanade},
title = {An Iterative Image Registration Technique with an Application to Stereo Vision (IJCAI)},
booktitle = {Proceedings of the 7th International Joint Conference on Artificial Intelligence (IJCAI '81)},
year = {1981},
month = {April},
pages = {674-679},
}

@ARTICLE{Lowe04distinctiveimage,
    author = {David G. Lowe},
    title = {Distinctive Image Features from Scale-Invariant Keypoints},
    journal = {International Journal of Computer Vision},
    year = {2004},
    volume = {60},
    pages = {91--110}
}

@article{Fischler:1981:RSC:358669.358692,
 author = {Fischler, Martin A. and Bolles, Robert C.},
 title = {Random Sample Consensus: A Paradigm for Model Fitting with Applications to Image Analysis and Automated Cartography},
 journal = {Commun. ACM},
 issue_date = {June 1981},
 volume = {24},
 number = {6},
 month = jun,
 year = {1981},
 issn = {0001-0782},
 pages = {381--395},
 numpages = {15},
 url = {http://doi.acm.org/10.1145/358669.358692},
 doi = {10.1145/358669.358692},
 acmid = {358692},
 publisher = {ACM},
 address = {New York, NY, USA},
 keywords = {automated cartography, camera calibration, image matching, location determination, model fitting, scene analysis},
} 

@misc{OpenCV_img_undistort,
 author = {OpenCV},
 title = {OpenCV Camera Calibration undistortion document},
 note = {\url{https://docs.opencv.org/3.1.0/d4/d94/tutorial_camera_calibration.html}}
}

@misc{OpenCV_optical_flow,
 author = {OpenCV},
 title = {OpenCV Optical Flow document},
 note = {\url{https://docs.opencv.org/3.1.0/d7/d8b/tutorial_py_lucas_kanade.html}}
}


@Book{Gao2017SLAM, 
title={14 Lectures on Visual SLAM: From Theory to Practice}, publisher = {Publishing House of Electronics Industry}, 
year = {2017}, 
author = {Xiang Gao and Tao Zhang and Yi Liu and Qinrui Yan}
}

@article{Burri25012016,
author = {Burri, Michael and Nikolic, Janosch and Gohl, Pascal and Schneider, Thomas and Rehder, Joern and Omari, Sammy and Achtelik, Markus W and Siegwart, Roland}, 
title = {The EuRoC micro aerial vehicle datasets},
year = {2016}, 
doi = {10.1177/0278364915620033}, 
URL = {http://ijr.sagepub.com/content/early/2016/01/21/0278364915620033.abstract}, 
eprint = {http://ijr.sagepub.com/content/early/2016/01/21/0278364915620033.full.pdf+html}, 
journal = {The International Journal of Robotics Research} 
}


